@inproceedings{ahmad2008negotiation,
  author={Ahmad, Sabrina},
  title={Negotiation in the requirements elicitation and analysis process},
  year={2008},
}

@book{as1860,
 author = {Arthur Schopenhauer },
 title = {A ARTE DE INSULTAR},
 year = {1860},
}

@inproceedings{Badampudi:2015:EUS:2745802.2745818,
 author = {Badampudi, Deepika and Wohlin, Claes and Petersen, Kai},
 title = {Experiences from Using Snowballing and Database Searches in Systematic Literature Studies},
 year = {2015},
} 

@MISC{Kitchenham07guidelinesfor,
    author = {B. Kitchenham and S Charters},
    title = {Guidelines for performing Systematic Literature Reviews in Software Engineering},
    year = {2007},
}

@article{Barki:2001:ICM:2017138.2017142,
 author = {Barki, Henri and Hartwick, Jon},
 title = {Interpersonal Conflict and Its Management in Information System Development},
 journal = {MIS Q.},
 publisher = {Society for Information Management and The Management Information Systems Research Center},
 year = {2001},
 volume = {25},
 number = {2},
} 

@inproceedings{boehm1994software,
  author={Boehm, Barry and Bose, Prasanta and Horowitz, Ellis and Lee, Ming-June},
  title={Software requirements as negotiated win conditions},
  year={1994},
}

@inproceedings{boehm1995software,
  author={Boehm, Barry and Bose, Prasanta and Horowitz, Ellis and Lee, Ming June},
  title={Software requirements negotiation and renegotiation aids: A theory-W based spiral approach},
  year={1995},
}

@inproceedings{boehm1998winwin,
  author={Boehm, Barry and Egyed, Alexander},
  title={WinWin requirements negotiation processes: A multi-project analysis},
  year={1998},
}

@inproceedings{boehm1998software,
  author={Boehm, Barry and Egyed, Alexander},
  title={Software requirements negotiation: some lessons learned},
  year={1998},
}

@article{boehm1998stakeholder,
  author={Boehm, Barry and Egyed, Alexander and Port, Dan and Shah, Archita and Kwan, Julie
  title={A stakeholder win--win approach to software engineering education},
 and Madachy, Ray},
  journal={Annals of Software Engineering},
  publisher={Springer},
  year={1998},
  volume={6},
  number={1-4},
  pages={295--321},
}

@article{boehm1998using,
  author={Boehm, Barry and Egyed, Alexander and Kwan, Julie and Port, Daniel and Shah, Archita and Madachy, Ray},
  title={Using the WinWin spiral model: a case study},
  journal={IEEE Computer},
  year={1998},
  volume={31},
  number={7},
}

@incollection{boehm1997developing,
  author={Boehm, Barry and Egyed, Alex and Kwan, Julie and Madachy, Ray},
  title={Developing multimedia applications with the WinWin spiral model},
  publisher={Springer},
  year={1997},
  pages={20--39},
}

@article{boehm2001developing,
  author={Boehm, Barry and Grunbacher, Paul and Briggs, Robert O},
  title={Developing groupware for requirements negotiation: lessons learned},
  journal={IEEE software},
  publisher={IEEE},
  year={2001},
  volume={18},
  number={3},
  pages={46--55},
}

@inproceedings{boehm2001easywinwin,
  author={Boehm, Barry and Gr{\"u}nbacher, Paul and Briggs, Robert O},
  title={EasyWinWin: a groupware-supported methodology for requirements negotiation},
  year={2001},
  booktitle={Proceedings of the 23rd International Conference on Software Engineering},
  pages={720--721},
}

@incollection{boehm2006winwin,
  author={Boehm, Barry and Kitapci, Hasan},
  title={The WinWin approach: using a requirements negotiation tool for rationale capture and use},
  year={2006},
}


@inproceedings{briggs2002easywinwin,
  author={Briggs, Robert O and Gruenbacher, Paul},
  title={EasyWinWin: Managing complexity in requirements negotiation with GSS},
  year={2002},
}

@article{egyed1999comparing,
  author={Egyed, Alexander and Boehm, Barry},
  title={Comparing software system requirements negotiation patterns},
  journal={Systems Engineering},
  year={1999},
  volume={2},
  number={1},
}

@article{Fricker:2010:HIP:1731104.1731161,
 author = {Fricker, Samuel and Gorschek, Tony and Byman, Carl and Schmidle, Armin},
 title = {Handshaking with Implementation Proposals: Negotiating Requirements Understanding},
 journal = {IEEE Softw.},
 year = {2010},
 volume = {27},
 number = {2},
} 

@inproceedings{egyed1997analysis,
  author={Egyed, Alexander and Boehm, Barry},
  title={Analysis of system requirements negotiation behavior patterns},
  year={1997},
  booktitle={INCOSE International Symposium},
  volume={7},
  number={1},
  pages={481--488},
}

@inproceedings{gruenbacher2000collaborative,
  author={Gruenbacher, Paul},
  title={Collaborative requirements negotiation with EasyWinWin},
  booktitle={Database and Expert Systems Applications, 2000. Proceedings. 11th International Workshop on},
  year={2000},
  pages={954--958},
}

@article{gruenbacher2003tool,
  author={Gruenbacher, Paul and Braunsberger, Patrick},
  title={Tool support for distributed requirements negotiation},
  journal={Cooperative methods and tools for distributed software processes},
  publisher={Citeseer},
  year={2003},
  pages={56--66},
}

@inproceedings{grunbacher2001surfacing,
  author={Grunbacher, P and Briggs, Robert O},
  title={Surfacing tacit knowledge in requirements negotiation: experiences using EasyWinWin},
  year={2001},
}

@inproceedings{grunbacher2001reconciling,
  author={Grunbacher, Paul and Egyed, Alexander and Medvidovic, Nenad},
  title={Reconciling software requirements and architectures: The cbsp approach},
  year={2001},
}

@article{grunbacher2004integrating,
  author={Gr{\"u}nbacher, Paul and Halling, Michael and Biffl, Stefan and BIFFL, STEFAN and Boehm, Barry W},
  title={Integrating collaborative processes and quality assurance techniques: experiences from requirements negotiation},
  journal={Journal of Management Information Systems},
  publisher={Taylor \& Francis},
  year={2004},
  volume={20},
  number={4},
}

@article{grunbacher2007making,
  author={Gr{\"u}nbacher, Paul and Seyff, Norbert and Briggs, Robert O and In, Hoh Peter and Kitapci, Hasan and Port, Daniel},
  title={Making every student a winner: The WinWin approach in software engineering education},
  journal={Journal of Systems and Software},
  publisher={Elsevier},
  year={2007},
  volume={80},
  number={8},
}

@incollection{grunbacher2005requirements,
  author={Gr{\"u}nbacher, Paul and Seyff, Norbert},
  title={Requirements negotiation},
  booktitle={Engineering and managing software requirements},
  publisher={Springer},
  year={2005},
  pages={143--162},
}

@inproceedings{in2001applying,
  author={In, Hoh and Boehm, Barry and Rodgers, Thomas and Deutsch, Michael},
  title={Applying WinWin to quality requirements: a case study},
  year={2001},
  pages={555--564},
}

@article{in2004requirements,
  author={In, Hoh Peter and Olson, David},
  title={Requirements Negotiation Using Multi-Criteria Preference Analysis},
  journal={J. UCS},
  year={2004},
  volume={10},
  number={4},
}

@inproceedings{in2002multi,
  author={In, Hoh Peter and Olson, David and Rodgers, Tom},
  title={Multi-criteria preference analysis for systematic requirements negotiation},
  year={2002},
}

@article{kazman2005requirements,
  author={Kazman, Rick and In, Hoh Peter and Chen, Hong-Mei},
  title={From requirements negotiation to software architecture decisions},
  journal={Information and Software Technology},
  publisher={Elsevier},
  year={2005},
  volume={47},
  number={8},
}

@article{khan2014integration,
  author={Khan, Umar Zali and Wahab, Fazal and Saeed, Saqib},
  title={Integration of Scrum with Win-Win Requirements Negotiation Model},
  year={2014},
  journal={Middle-East Journal of Scientific Research},
  volume={19},
  number={1},
}

@inproceedings{Kuhrmann:2015:SPI:2785592.2785600,
 author = {Kuhrmann, Marco and Konopka, Claudia and Nellemann, Peter and Diebold, Philipp and M\"{u}nch, J\"{u}rgen},
 title = {Software Process Improvement: Where is the Evidence?: Initial Findings from a Systematic Mapping Study},
 year = {2015},
}

@book{lebon1954,
 author={Le Bon, Gustave and de Moura, Ivone},
 year={1980},
 title = {Psicologia das multidões},
}

@phdthesis{lee1996foundations,
  author={Lee, Ming-june},
  title={Foundations of the winwin requirements negotiation system},
  school={University of Southern California},
  year={1996},
}

@book{Pfleeger:2004:SET:517000,
 author = {Pfleeger, Shari Lawrence},
 title = {Software Engineering: Theory and Practice},
 year = {2004},
  publisher={Pearson Education India},
} 

@article{raja2005moving,
  author={Raja, Bilal Saeed and Iqbal, M Ali and Ihsan, Imran},
  title={Moving From Problem Space to Solution Space},
  journal={World Academy of Science-Engineering and Technology},
  year={2005},
}

@inproceedings{ramires2005software,
  author={Ramires, Jo{\~a}o and Antunes, Pedro and Resp{\'\i}cio, Ana},
  title={Software requirements negotiation using the software quality function deployment},
  year={2005},
}

@inproceedings{ruhe2002software,
  author={Ruhe, G{\"u}nther},
  title={Software engineering decision support--a new paradigm for learning software organizations},
  year={2002},
}

@article{ruhe2003trade,
  author={Ruhe, G{\"u}nther and Eberlein, Armin and Pfahl, Dietmar},
  title={Trade-off analysis for requirements selection},
  journal={International Journal of Software Engineering and Knowledge Engineering},
  year={2003},
  volume={13},
  number={04},
}

@inproceedings{ruhe2002quantitative,
  author={Ruhe, G{\"u}nther and Eberlein, Armin and Pfahl, Dietmar},
  title={Quantitative WinWin: a new method for decision support in requirements negotiation},
  year={2002},
}

@book{Sommerville:1997:REG:549198,
 author = {Sommerville, Ian and Sawyer, Pete},
 title = {Requirements Engineering: A Good Practice Guide},
 year = {1997},
publisher = {John Wiley \& Sons, Inc.},
} 

@article{stallinger2001system,
  author={Stallinger, Friedrich and Grünbacher, Paul},
  title={System dynamics modelling and simulation of collaborative requirements engineering},
  journal={Journal of Systems and Software},
  publisher={Elsevier},
  year={2001},
  volume={59},
  number={3},
}


@article{wieringa2006requirements,
  author={Wieringa, Roel and Maiden, Neil and Mead, Nancy and Rolland, Colette},
  title={Requirements engineering paper classification and evaluation criteria: a proposal and a discussion},
  journal={Requirements Engineering},
  publisher={Springer},
  year={2006},
  volume={11},
  number={1},
}

@online{pmaslow2015,
  title = {Pirâmide de Maslow},
  year = 2016,
  url = {http://www.uach.com.br/insatisfacao-profissional-evite-os-maiores-erros-organizacionais-que-desmotivam-uma-equipe/},
  urldate = {2005-12-04},
}